<record><leader>00000cas a22000007a 4500</leader><controlfield tag="001">11195397</controlfield><controlfield tag="008">840925d18611865inuwr ne      0    0eng d</controlfield><datafield ind1=" " ind2=" " tag="010"><subfield code="a">sn 84038175 </subfield></datafield><datafield ind1=" " ind2=" " tag="040"><subfield code="a">NPX</subfield><subfield code="b">eng</subfield><subfield code="c">NPX</subfield><subfield code="d">NPI</subfield><subfield code="d">OCLCQ</subfield></datafield><datafield ind1=" " ind2=" " tag="042"><subfield code="a">msc</subfield></datafield><datafield ind1="0" ind2=" " tag="130"><subfield code="a">Stars and stripes (Sullivan, Ind.)</subfield></datafield><datafield ind1="1" ind2="4" tag="245"><subfield code="a">The stars and stripes.</subfield></datafield><datafield ind1=" " ind2=" " tag="260"><subfield code="a">Sullivan, Ind. :</subfield><subfield code="b">John W. Osborn</subfield></datafield><datafield ind1=" " ind2=" " tag="300"><subfield code="a">v.</subfield></datafield><datafield ind1=" " ind2=" " tag="310"><subfield code="a">Weekly</subfield></datafield><datafield ind1="1" ind2=" " tag="362"><subfield code="a">Began in Apr. 1861; ceased in 1865.</subfield></datafield><datafield ind1=" " ind2=" " tag="588"><subfield code="a">Description based on: Vol. 2, no. 11 (June 20, 1861).</subfield></datafield><datafield ind1=" " ind2=" " tag="752"><subfield code="a">United States</subfield><subfield code="b">Indiana</subfield><subfield code="c">Sullivan</subfield><subfield code="d">Sullivan.</subfield></datafield><datafield ind1="0" ind2="7" tag="785"><subfield code="t">Old post union</subfield></datafield><datafield ind1="0" ind2="7" tag="785"><subfield code="t">Stars and stripes and the old post union</subfield></datafield></record>